<?xml version="1.0" encoding="UTF-8"?><collection xmlns="http://www.loc.gov/MARC21/slim"><record><leader>00527nam--2200181-i-4500</leader><controlfield tag="001">000023284</controlfield><controlfield tag="002">20161230</controlfield><controlfield tag="005">20161230201035</controlfield><controlfield tag="008">060222s1000------------r-----000-0-fre-d</controlfield><datafield ind1=" " ind2=" " tag="040"><subfield code="a">IFIN-HH</subfield></datafield><datafield ind1=" " ind2=" " tag="041"><subfield code="a">fre</subfield></datafield><datafield ind1=" " ind2=" " tag="080"><subfield code="a">015:437.311.33:541.123.3</subfield></datafield><datafield ind1="1" ind2=" " tag="100"><subfield code="a">Hillel, Roger</subfield></datafield><datafield ind1="1" ind2="0" tag="245"><subfield code="a">Le seleniure de bor, les seleniohalogenures de bore, le seleniure de silicium</subfield><subfield code="b">These</subfield><subfield code="c">Roger hillel</subfield></datafield><datafield ind1=" " ind2=" " tag="260"><subfield code="a">Lyon</subfield><subfield code="b">Universite Claude-bernard</subfield><subfield code="c">1971</subfield></datafield><datafield ind1=" " ind2=" " tag="300"><subfield code="a">100 P</subfield></datafield><datafield ind1=" " ind2=" " tag="852"><subfield code="a">38314</subfield><subfield code="c">537.311.33</subfield></datafield><datafield ind1=" " ind2=" " tag="CAT"><subfield code="a">Sys</subfield><subfield code="c">20110721</subfield><subfield code="h">153943</subfield></datafield></record></collection>